@article{liaw2002classification,
  keywords = {rf},
  title={Classification and regression by randomForest},
  author={Liaw, Andy and Wiener, Matthew and others},
  journal={R news},
  volume={2},
  number={3},
  pages={18--22},
  year={2002}
}
@article{breiman2001random,
  keywords = {rf},
  title={Random forests},
  author={Breiman, Leo},
  journal={Machine learning},
  volume={45},
  number={1},
  pages={5--32},
  year={2001},
  publisher={Springer}
}

@manual{rf_manual,
  keywords = {rf},
  title        = {Package ‘randomForest’},
  author       = {Andy Liaw}, 
  month        = 10,
  year         = 2015
}
@manual{rf_usage_manual,
  keywords = {rf},
  title = {Manual On Setting Up, Using, And Understanding Random Forests},
  author = {Breiman, Leo}, 
  year = {2002},
  edition = {3.1},
}
@misc{segal2004machine,
  keywords = {rf},
  title={Machine learning benchmarks and random forest regression},
  author={Segal, Mark R},
  year={2004}
}
@article{scornet2016random,
  keywords = {rf_other},
  title={Random forests and kernel methods},
  author={Scornet, Erwan},
  journal={IEEE Transactions on Information Theory},
  volume={62},
  number={3},
  pages={1485--1500},
  year={2016},
  publisher={IEEE}
}
@inproceedings{ho1995random,
 keywords = {rf_other},
  title={Random decision forests},
  author={Ho, Tin Kam},
  booktitle={Document analysis and recognition, 1995., proceedings of the third international conference on},
  volume={1},
  pages={278--282},
  year={1995},
  organization={IEEE}
}
@misc{boosting,
 keywords = {rf_other},
  title = {Boosting (machine learning)},
  year = {2018},
  howpublished = {\url{https://en.wikipedia.org/wiki/Boosting_(machine_learning)}},
  note = {Accessed: 2018-04-25}
}
@misc{rf_wiki,
 keywords = {rf},
  title = {Random Forest},
  year = {2018},
  howpublished = {\url{https://en.wikipedia.org/wiki/Random_forest}},
  note = {Accessed: 2018-04-25}
}
@misc{dtl_wiki,
  keywords = {rf},
  title = {Decision Tree Learning},
  year = {2018},
  howpublished = {\url{https://en.wikipedia.org/wiki/Decision_tree_learning}},
  note = {Accessed: 2018-04-25}
}


@article{pfeifer1981seasonal,
  keywords = {starima},
  title={Seasonal Space-Time ARIMA Modeling},
  author={Pfeifer, Phillip E and Deutsch, Stuart Jay},
  journal={Geographical analysis},
  volume={13},
  number={2},
  pages={117--133},
  year={1981},
  publisher={Wiley Online Library}
}
@misc{BoxGeorgeE.P1970TSAF,
keywords = {starima},
year = "1970",
title = "Time Series Analysis Forecasting and Control",
author = "Box, George E. P and Jenkins, Gwilym M",
organization = "Wisconsin Univ Madison Dept Of Statistics",
}
@article{ChengTao2014ADSW,
 keywords = {starima},
issn = "0016-7363",
journal = "Geographical Analysis",
pages = "75--97",
volume = "46",
number = "1",
year = "2014",
title = "A Dynamic Spatial Weight Matrix and Localized Space–Time Autoregressive Integrated Moving Average for Network Modeling",
author = "Cheng, Tao and Wang, Jiaqiu and Haworth, James and Heydecker, Benjamin and Chow, Andy",
month = "January",
}
@inproceedings{PeiboDuan2016Stpw,
 keywords = {starima},
journal = "Intelligent Transportation Systems (ITSC), 2016 IEEE 19th International Conference on",
pages = "1610--1615",
publisher = "IEEE",
isbn = "978-1-5090-1889-5",
year = "2016",
title = "STARIMA-based traffic prediction with time-varying lags",
language = "eng",
author = "Peibo Duan and Guoqiang Mao and Changsheng Zhang and Shangbo Wang",
month = "November",
}
@book{Islam-KhanRezwan2012PTTi,
 keywords = {starima},
volume = "TR685",
year = "2012",
title = "Predicting Travel Times in Dense and Highly Varying Road Traffic Networks using STARIMA Models.",
language = "eng",
author = "Islam-Khan, Rezwan and Landfeldt, Björn and Damdhere, Ashay",
keywords = "Intelligent Transport Systems Travel Time Prediction Modeling ; Teknik ; Elektroteknik Och Elektronik ; Engineering And Technology ; Electrical Engineering, Electronic Engineering, Information Engineering",
}
@misc{gurland1954hypothesis,
 keywords = {starima},
  title={Hypothesis Testing in Time Series Analysis.},
  author={Gurland, John},
  year={1954},
  publisher={JSTOR}
}
@article{liu2017svm,
keywords = {starima},
  title={SVM hyperparameters tuning for recursive multi-step-ahead prediction},
  author={Liu, Jie and Zio, Enrico},
  journal={Neural Computing and Applications},
  volume={28},
  number={12},
  pages={3749--3763},
  year={2017},
  publisher={Springer}
}
@book{brockwell2002introduction,
keywords = {starima},
  title={Introduction to Time Series and Forecasting},
  author={Brockwell, P.J. and Davis, R.A.},
  isbn={0-387-95351-5},
  year={2002},
  publisher={Springer}
}


@article{palmer2006designing,
  keywords = {ann},
  title={Designing an artificial neural network for forecasting tourism time series},
  author={Palmer, Alfonso and Montano, Juan Jose and Ses{\'e}, Albert},
  journal={Tourism Management},
  volume={27},
  number={5},
  pages={781--790},
  year={2006},
  publisher={Elsevier}
}
@inproceedings{riedmiller1993direct,
  keywords = {ann},
  title={A direct adaptive method for faster backpropagation learning: The RPROP algorithm},
  author={Riedmiller, Martin and Braun, Heinrich},
  booktitle={Neural Networks, 1993., IEEE International Conference on},
  pages={586--591},
  year={1993},
  organization={IEEE}
}
@misc{raschka, 
 keywords = {ann},
 title={Machine Learning FAQ},
 url={https://sebastianraschka.com/faq/docs/visual-backpropagation.html}, 
 author={Raschka, Sebastian},
 urldate = {2018-04-15}}

@article{claveria2014forecasting,
  keywords = {ann},
  title={Forecasting tourism demand to Catalonia: Neural networks vs. time series models},
  author={Claveria, Oscar and Torra, Salvador},
  journal={Economic Modelling},
  volume={36},
  pages={220--228},
  year={2014},
  publisher={Elsevier}
}

@article{burger2001practitioners,
  keywords = {ann},
  title={A practitioners guide to time-series methods for tourism demand forecasting—a case study of Durban, South Africa},
  author={Burger, CJSC and Dohnal, M and Kathrada, M and Law, R},
  journal={Tourism management},
  volume={22},
  number={4},
  pages={403--409},
  year={2001},
  publisher={Elsevier}
}

@article{law1999neural,
  keywords = {ann},
  title={A neural network model to forecast Japanese demand for travel to Hong Kong},
  author={Law, Rob and Au, Norman},
  journal={Tourism Management},
  volume={20},
  number={1},
  pages={89--97},
  year={1999},
  publisher={Elsevier}
}

@book{rojas2013neural,
  keywords = {ann},
  title={Neural networks: a systematic introduction},
  author={Rojas, Ra{\'u}l},
  year={2013},
  publisher={Springer Science \& Business Media}
}

@article{zhang1998forecasting,
  keywords = {ann},
  title={Forecasting with artificial neural networks:: The state of the art},
  author={Zhang, Guoqiang and Patuwo, B Eddy and Hu, Michael Y},
  journal={International journal of forecasting},
  volume={14},
  number={1},
  pages={35--62},
  year={1998},
  publisher={Elsevier}
}

@inproceedings{dong2013one,
  keywords = {ann},
  title={One-step and multi-step ahead stock prediction using backpropagation neural networks},
  author={Dong, Guanqun and Fataliyev, Kamaladdin and Wang, Lipo},
  booktitle={Information, Communications and Signal Processing (ICICS) 2013 9th International Conference on},
  pages={1--5},
  year={2013},
  organization={IEEE}
}

@phdthesis{taieb2014machine,
 keywords = {ann},
  title={Machine learning strategies for multi-step-ahead time series forecasting},
  author={Taieb, Souhaib Ben},
  year={2014},
  school={Universit Libre de Bruxelles, Belgium}
}

@article{makridakis1982accuracy,
 keywords = {ann},
  title={The accuracy of extrapolation (time series) methods: Results of a forecasting competition},
  author={Makridakis, Spyros and Andersen, A and Carbone, Robert and Fildes, Robert and Hibon, Michele and Lewandowski, Rudolf and Newton, Joseph and Parzen, Emanuel and Winkler, Robert},
  journal={Journal of forecasting},
  volume={1},
  number={2},
  pages={111--153},
  year={1982},
  publisher={Wiley Online Library}
}

@article{lim1997review,
	keywords = {misc},
  title={Review of international tourism demand models},
  author={Lim, Christine},
  journal={Annals of tourism research},
  volume={24},
  number={4},
  pages={835--849},
  year={1997},
  publisher={Elsevier}
}


 @article{a,
  keywords = {svm},
  title={Support vector regression machines.},
  author={Drucker, Burges, Kaufman and Vapnik},
  journal={Advances in neural information processing systems},
  volume={9},
  pages={155--161},
  year={1997}
  
}

 @article{b,
  keywords = {svm},
  title={A training algorithm for optimal margin classifiers.},
  author={Boser, Guyon and Vapnik},
  journal={COLT '92 Proceedings of the fifth annual workshop on Computational learning theory},
  volume={},
  pages={144--152},
  year={1992}
  
}

 @article{c,
  keywords = {svm},
  title={Support Vector Machines and Kernel Algorithms.},
  author={Scholkopf and Smola},
  journal={Statistics and Computing},
  volume={2e},
  pages={7},
  year={2002}
  
}

 @article{d,
  keywords = {svm},
  title={Support vector machine.},
  author={Vapnik, V. },
  journal={Machine learning 20},
  volume={20},
  pages={273-–297},
  year={1995}
  
}

 @article{e,
  keywords = {svm},
  title={Modelling tourism demand to Spain with machine learning techniques. The impact of forecast horizon on model selection.},
  author={Claveria, Monte and Torra},
  journal={Revista de Economia Aplicada},
  volume={24},
  pages={109–-132},
  year={2016}
  
}

@book{f,
  keywords = {svm},
  title={Modeling and forecasting demand in tourism.},
  author={Witt and Witt},
  isbn={0-127-60740-4},
  year={1992},
  publisher={Academic Press}  
}




